<record><leader>00000cas a22000007a 4500</leader><controlfield tag="001">20495512</controlfield><controlfield tag="008">891016d191119uupr cr ne      0    0spa d</controlfield><datafield ind1=" " ind2=" " tag="010"><subfield code="a">sn 89078174 </subfield></datafield><datafield ind1=" " ind2=" " tag="040"><subfield code="a">PNN</subfield><subfield code="b">eng</subfield><subfield code="c">PNN</subfield><subfield code="d">OCLCQ</subfield></datafield><datafield ind1=" " ind2=" " tag="042"><subfield code="a">msc</subfield></datafield><datafield ind1="0" ind2="3" tag="245"><subfield code="a">El debate.</subfield></datafield><datafield ind1=" " ind2=" " tag="260"><subfield code="a">Bayamo&#769;n, P.R. :</subfield><subfield code="b">[s.n.]</subfield></datafield><datafield ind1=" " ind2=" " tag="300"><subfield code="a">v.</subfield></datafield><datafield ind1=" " ind2=" " tag="310"><subfield code="a">Semiweekly</subfield></datafield><datafield ind1="0" ind2=" " tag="362"><subfield code="a">An&#771;o 1, nu&#769;m. 1 (12 de enero de 1911)-</subfield></datafield><datafield ind1=" " ind2=" " tag="500"><subfield code="a">"Bisemanario independiente."</subfield></datafield><datafield ind1=" " ind2=" " tag="752"><subfield code="a">United States</subfield><subfield code="b">Puerto Rico</subfield><subfield code="d">Bayamo&#769;n.</subfield></datafield></record>